@article{chen2017eyeriss,
  title={Eyeriss: An energy-efficient reconfigurable accelerator for deep convolutional neural networks},
  author={Chen, Yu-Hsin and Krishna, Tushar and Emer, Joel S and Sze, Vivienne},
  journal={IEEE Journal of Solid-State Circuits},
  volume={52},
  number={1},
  pages={127--138},
  year={2017},
  publisher={IEEE}
}

@inproceedings{chen2016eyeriss,
  title={Eyeriss: A spatial architecture for energy-efficient dataflow for convolutional neural networks},
  author={Chen, Yu-Hsin and Emer, Joel and Sze, Vivienne},
  booktitle={ACM SIGARCH Computer Architecture News},
  volume={44},
  number={3},
  pages={367--379},
  year={2016},
  organization={IEEE Press}
}

@inproceedings{liu2015fpga,
  title={FPGA-based acceleration of deep neural networks using high level method},
  author={Liu, Lei and Luo, Jianlu and Deng, Xiaoyan and Li, Sikun},
  booktitle={2015 10th International Conference on P2P, Parallel, Grid, Cloud and Internet Computing (3PGCIC)},
  pages={824--827},
  year={2015},
  organization={IEEE}
}

@inproceedings{zhang2018accdnn,
  title={AccDNN: An IP-Based DNN Generator for FPGAs},
  author={Zhang, Xiaofan and Wang, Junsong and Zhu, Chao and Lin, Yonghua and Xiong, Jinjun and Hwu, Wen-mei and Chen, Deming},
  booktitle={2018 IEEE 26th Annual International Symposium on Field-Programmable Custom Computing Machines (FCCM)},
  pages={210--210},
  year={2018},
  organization={IEEE}
}

@article{wang2017dlau,
  title={DLAU: A scalable deep learning accelerator unit on FPGA},
  author={Wang, Chao and Gong, Lei and Yu, Qi and Li, Xi and Xie, Yuan and Zhou, Xuehai},
  journal={IEEE Transactions on Computer-Aided Design of Integrated Circuits and Systems},
  volume={36},
  number={3},
  pages={513--517},
  year={2017},
  publisher={IEEE}
}

@inproceedings{zhang2015optimizing,
  title={Optimizing fpga-based accelerator design for deep convolutional neural networks},
  author={Zhang, Chen and Li, Peng and Sun, Guangyu and Guan, Yijin and Xiao, Bingjun and Cong, Jason},
  booktitle={Proceedings of the 2015 ACM/SIGDA International Symposium on Field-Programmable Gate Arrays},
  pages={161--170},
  year={2015},
  organization={ACM}
}

@inproceedings{ly2009high,
  title={A high-performance fpga architecture for restricted boltzmann machines},
  author={Ly, Daniel L and Chow, Paul},
  booktitle={Proceedings of the ACM/SIGDA international symposium on Field programmable gate arrays},
  pages={73--82},
  year={2009},
  organization={ACM}
}

@inproceedings{chen2014diannao,
  title={Diannao: A small-footprint high-throughput accelerator for ubiquitous machine-learning},
  author={Chen, Tianshi and Du, Zidong and Sun, Ninghui and Wang, Jia and Wu, Chengyong and Chen, Yunji and Temam, Olivier},
  booktitle={ACM Sigplan Notices},
  volume={49},
  number={4},
  pages={269--284},
  year={2014},
  organization={ACM}
}

@inproceedings{kim2009highly,
  title={A highly scalable restricted boltzmann machine fpga implementation},
  author={Kim, Sang Kyun and McAfee, Lawrence C and McMahon, Peter L and Olukotun, Kunle},
  booktitle={2009 International Conference on Field Programmable Logic and Applications},
  pages={367--372},
  year={2009},
  organization={IEEE}
}

@inproceedings{yu2015deep,
  title={A deep learning prediction process accelerator based FPGA},
  author={Yu, Qi and Wang, Chao and Ma, Xiang and Li, Xi and Zhou, Xuehai},
  booktitle={2015 15th IEEE/ACM International Symposium on Cluster, Cloud and Grid Computing},
  pages={1159--1162},
  year={2015},
  organization={IEEE}
}

@inproceedings{qiu2016going,
  title={Going deeper with embedded fpga platform for convolutional neural network},
  author={Qiu, Jiantao and Wang, Jie and Yao, Song and Guo, Kaiyuan and Li, Boxun and Zhou, Erjin and Yu, Jincheng and Tang, Tianqi and Xu, Ningyi and Song, Sen and others},
  booktitle={Proceedings of the 2016 ACM/SIGDA International Symposium on Field-Programmable Gate Arrays},
  pages={26--35},
  year={2016},
  organization={ACM}
}

@article{dahl2012context,
  title={Context-dependent pre-trained deep neural networks for large-vocabulary speech recognition},
  author={Dahl, George E and Yu, Dong and Deng, Li and Acero, Alex},
  journal={IEEE Transactions on audio, speech, and language processing},
  volume={20},
  number={1},
  pages={30--42},
  year={2012},
  publisher={IEEE}
}

@inproceedings{krizhevsky2012imagenet,
  title={Imagenet classification with deep convolutional neural networks},
  author={Krizhevsky, Alex and Sutskever, Ilya and Hinton, Geoffrey E},
  booktitle={Advances in neural information processing systems},
  pages={1097--1105},
  year={2012}
}

@inproceedings{raina2009large,
  title={Large-scale deep unsupervised learning using graphics processors},
  author={Raina, Rajat and Madhavan, Anand and Ng, Andrew Y},
  booktitle={Proceedings of the 26th annual international conference on machine learning},
  pages={873--880},
  year={2009},
  organization={ACM}
}

@inproceedings{perko2000low,
  title={Low-cost, high-performance CNN simulator implemented in FPGA},
  author={Perko, Martin and Fajfar, Iztok and Tuma, Tadej and Puhan, Janez},
  booktitle={Proceedings of the 2000 6th IEEE International Workshop on Cellular Neural Networks and their Applications (CNNA 2000)(Cat. No. 00TH8509)},
  pages={277--282},
  year={2000},
  organization={IEEE}
}

@article{hinton2012deep,
  title={Deep neural networks for acoustic modeling in speech recognition},
  author={Hinton, Geoffrey and Deng, Li and Yu, Dong and Dahl, George and Mohamed, Abdel-rahman and Jaitly, Navdeep and Senior, Andrew and Vanhoucke, Vincent and Nguyen, Patrick and Kingsbury, Brian and others},
  journal={IEEE Signal processing magazine},
  volume={29},
  year={2012}
}

@inproceedings{cong2014minimizing,
  title={Minimizing computation in convolutional neural networks},
  author={Cong, Jason and Xiao, Bingjun},
  booktitle={International conference on artificial neural networks},
  pages={281--290},
  year={2014},
  organization={Springer}
}

@inproceedings{dundar2013accelerating,
  title={Accelerating deep neural networks on mobile processor with embedded programmable logic},
  author={Dundar, Aysegul and Jin, Jonghoon and Gokhale, Vinayak and Krishnamurthy, Bharadwaj and Canziani, Alfredo and Martini, Berin and Culurciello, Eugenio},
  booktitle={Neural information processing systems conference (NIPS)},
  year={2013}
}

@inproceedings{lee201445nm,
  title={A 45nm 1.3 GHz 16.7 double-precision GFLOPS/W RISC-V processor with vector accelerators},
  author={Lee, Yunsup and Waterman, Andrew and Avizienis, Rimas and Cook, Henry and Sun, Chen and Stojanovi{\'c}, Vladimir and Asanovi{\'c}, Krste},
  booktitle={ESSCIRC 2014-40th European Solid State Circuits Conference (ESSCIRC)},
  pages={199--202},
  year={2014},
  organization={IEEE}
}

@inproceedings{sun2018high,
  title={A High Speed SoftMax VLSI Architecture Based on Basic-Split},
  author={Sun, Qiwei and Di, Zhixiong and Lv, Zhengyang and Song, Fengli and Xiang, Qianyin and Feng, Quanyuan and Fan, Yibo and Yu, Xulin and Wang, Wenqiang},
  booktitle={2018 14th IEEE International Conference on Solid-State and Integrated Circuit Technology (ICSICT)},
  pages={1--3},
  year={2018},
  organization={IEEE}
}